
@book{bonnansPerturbationAnalysisOptimization2000,
  title = {Perturbation Analysis of Optimization Problems},
  author = {Bonnans, J. Fr{\'e}d{\'e}ric and Shapiro, Alexander},
  year = {2000},
  publisher = {Springer New York},
  address = {New York, NY},
  doi = {10.1007/978-1-4612-1394-9},
  isbn = {978-1-4612-7129-1 978-1-4612-1394-9},
  langid = {english},
}
@book{beck_FirstOrderMethodsOptimization_2017,
  title = {First-{{Order Methods}} in {{Optimization}}},
  author = {Beck, Amir},
  year = {2017},
  month = oct,
  publisher = {{Society for Industrial and Applied Mathematics}},
  address = {Philadelphia, PA},
  doi = {10.1137/1.9781611974997},
  url = {https://doi.org/10.1137/1.9781611974997},
  urldate = {2024-05-30},
  isbn = {978-1-61197-498-0 978-1-61197-499-7},
  langid = {english},
  file = {/Users/mpf/Documents/Zotero/storage/MZH4RPLB/Beck - 2017 - First-Order Methods in Optimization.pdf}
}
@book{rockafellar_VariationalAnalysis_2009,
  title = {Variational Analysis},
  author = {Rockafellar, R. Tyrrell and Wets, Roger J.-B.},
  year = {2009},
  volume = {317},
  publisher = {Springer Science \& Business Media},
  urldate = {2023-11-22},
  file = {/Users/mpf/Documents/Zotero/storage/ZI9JI3JC/Variational analysis (Rockafellar-Wets).pdf}
}
