@book{nesterovLecturesConvexOptimization2018,
  title = {Lectures on Convex Optimization},
  author = {Nesterov, Yurii},
  year = {2018},
  series = {Springer {{Optimization}} and {{Its Applications}}},
  volume = {137},
  publisher = {Springer International Publishing},
  address = {Cham},
  doi = {10.1007/978-3-319-91578-4},
  urldate = {2025-04-29},
  copyright = {http://www.springer.com/tdm},
  isbn = {978-3-319-91577-7 978-3-319-91578-4},
  langid = {english},
}

@book{bonnansPerturbationAnalysisOptimization2000,
  title = {Perturbation Analysis of Optimization Problems},
  author = {Bonnans, J. Fr{\'e}d{\'e}ric and Shapiro, Alexander},
  year = {2000},
  publisher = {Springer New York},
  address = {New York, NY},
  doi = {10.1007/978-1-4612-1394-9},
  isbn = {978-1-4612-7129-1 978-1-4612-1394-9},
  langid = {english},
}
@book{beck_FirstOrderMethodsOptimization_2017,
  title = {First-{{Order Methods}} in {{Optimization}}},
  author = {Beck, Amir},
  year = {2017},
  month = oct,
  publisher = {{Society for Industrial and Applied Mathematics}},
  address = {Philadelphia, PA},
  doi = {10.1137/1.9781611974997},
  url = {https://doi.org/10.1137/1.9781611974997},
  urldate = {2024-05-30},
  isbn = {978-1-61197-498-0 978-1-61197-499-7},
  langid = {english},
}
@book{rockafellar_VariationalAnalysis_2009,
  title = {Variational Analysis},
  author = {Rockafellar, R. Tyrrell and Wets, Roger J.-B.},
  year = {2009},
  volume = {317},
  publisher = {Springer Science \& Business Media},
}
